% ====================================================
% Document preparation systems
% ====================================================

@article{johnson1988styles,
  title={Styles in document editing systems},
  author={Johnson, J. and Beach, R.J.},
  year={1988},
  journal={Computer},
  volume={21},
  number={1},
  month={Jan},
  pages={32â€“43}
}

@article{knauff2014efficiency,
  title={An efficiency comparison of document preparation systems used in academic research and development},
  author={Knauff, Markus and Nejasmic, Jelica},
  journal={PloS one},
  volume={9},
  number={12},
  pages={e115069},
  year={2014},
  publisher={Public Library of Science}
}

@inproceedings{beaudouin2017towards,
  title={Towards unified principles of interaction},
  author={Beaudouin-Lafon, Michel},
  booktitle={Proceedings of the 12th Biannual Conference on Italian SIGCHI Chapter},
  pages={1--2},
  year={2017}
}

@inproceedings{kery2020future,
  title={The Future of Notebook Programming Is Fluid},
  author={Kery, Mary Beth and Ren, Donghao and Wongsuphasawat, Kanit and Hohman, Fred and Patel, Kayur},
  booktitle={Extended Abstracts of the 2020 CHI Conference on Human Factors in Computing Systems},
  pages={1--8},
  year={2020}
}

@inproceedings{drosos2020wrex,
  title={Wrex: A Unified Programming-by-Example Interaction for Synthesizing Readable Code for Data Scientists},
  author={Drosos, Ian and Barik, Titus and Guo, Philip J and DeLine, Robert and Gulwani, Sumit},
  booktitle={Proceedings of the 2020 CHI Conference on Human Factors in Computing Systems},
  pages={1--12},
  year={2020}
}

@article{knuth1984literate,
  title={Literate programming},
  author={Knuth, Donald Ervin},
  journal={The Computer Journal},
  volume={27},
  number={2},
  pages={97--111},
  year={1984},
  publisher={Oxford University Press}
}

@book{goldberg1983smalltalk,
  title={Smalltalk-80: the language and its implementation},
  author={Goldberg, Adele and Robson, David},
  year={1983},
  publisher={Addison-Wesley Longman Publishing Co., Inc.}
}

@inproceedings{dragicevic2011gliimpse,
  title={Gliimpse: Animating from markup code to rendered documents and vice versa},
  author={Dragicevic, Pierre and Huot, St{\'e}phane and Chevalier, Fanny},
  booktitle={Proceedings of the 24th annual ACM symposium on User interface software and technology},
  pages={257--262},
  year={2011}
}

@book{knuth1984texbook,
  title={The TeXbook},
  author={Knuth, Donald Ervin},
  year={1984},
  publisher={Addison-Wesley}
}

@book{lamport1994latex,
  title={LaTeX: a document preparation system: user's guide and reference manual},
  author={Lamport, Leslie},
  year={1994},
  publisher={Addison-Wesley}
}

@article{laurens2008direct,
  title={Direct and reverse synchronization with SyncTeX},
  author={Laurens, Jer{\^o}me},
  journal={TUGBoat},
  volume={29},
  pages={365--371},
  year={2008},
  publisher={Citeseer}
}

@inproceedings{conlen2018idyll,
  title={Idyll: A markup language for authoring and publishing interactive articles on the web},
  author={Conlen, Matthew and Heer, Jeffrey},
  booktitle={Proceedings of the 31st Annual ACM Symposium on User Interface Software and Technology},
  pages={977--989},
  year={2018}
}

@inproceedings{dragicevic2019increasing,
  title={Increasing the transparency of research papers with explorable multiverse analyses},
  author={Dragicevic, Pierre and Jansen, Yvonne and Sarma, Abhraneel and Kay, Matthew and Chevalier, Fanny},
  booktitle={Proceedings of the 2019 CHI Conference on Human Factors in Computing Systems},
  pages={1--15},
  year={2019}
}

@inproceedings{masson2020chameleon,
  title={Chameleon: Bringing Interactivity to Static Digital Documents},
  author={Masson, Damien and Malacria, Sylvain and Lank, Edward and Casiez, G{\'e}ry},
  booktitle={Proceedings of the 2020 CHI Conference on Human Factors in Computing Systems},
  pages={1--13},
  year={2020}
}



% ====================================================
% Programming tools and environments
% ====================================================

@article{chugh2016programmatic,
  title={Programmatic and direct manipulation, together at last},
  author={Chugh, Ravi and Hempel, Brian and Spradlin, Mitchell and Albers, Jacob},
  journal={ACM SIGPLAN Notices},
  volume={51},
  number={6},
  pages={341--354},
  year={2016},
  publisher={ACM New York, NY, USA}
}

@inproceedings{hempel2018deuce,
  title={Deuce: a lightweight user interface for structured editing},
  author={Hempel, Brian and Lubin, Justin and Lu, Grace and Chugh, Ravi},
  booktitle={Proceedings of the 40th International Conference on Software Engineering},
  pages={654--664},
  year={2018}
}

@inproceedings{hempel2019sketch,
  title={Sketch-n-Sketch: Output-Directed Programming for SVG},
  author={Hempel, Brian and Lubin, Justin and Chugh, Ravi},
  booktitle={Proceedings of the 32nd Annual ACM Symposium on User Interface Software and Technology},
  pages={281--292},
  year={2019}
}

@inproceedings{zinenko2014clint,
  title={Clint: A direct manipulation tool for parallelizing compute-intensive program parts},
  author={Zinenko, Oleksandr and Huot, St{\'e}phane and Bastoul, C{\'e}dric},
  booktitle={2014 IEEE Symposium on Visual Languages and Human-Centric Computing (VL/HCC)},
  pages={109--112},
  year={2014},
  organization={IEEE}
}

@inproceedings{zinenko2015manipulating,
  title={Manipulating visualization, not codes},
  author={Zinenko, Oleksandr and Bastoul, C{\'e}dric and Huot, St{\'e}phane},
  booktitle = {International Workshop on Polyhedral Compilation Techniques (IMPACT)},
  year={2015}
}

@inproceedings{ko2006barista,
  title={Barista: An implementation framework for enabling new tools, interaction techniques and views in code editors},
  author={Ko, Andrew J and Myers, Brad A},
  booktitle={Proceedings of the SIGCHI Conference on Human Factors in Computing Systems},
  pages={387--396},
  year={2006}
}

@inproceedings{murphy2010interactive,
  title={An interactive ambient visualization for code smells},
  author={Murphy-Hill, Emerson and Black, Andrew P},
  booktitle={Proceedings of the 5th international symposium on Software visualization},
  pages={5--14},
  year={2010}
}

@inproceedings{kery2017variolite,
  title={Variolite: Supporting Exploratory Programming by Data Scientists.},
  author={Kery, Mary Beth and Horvath, Amber and Myers, Brad A},
  booktitle={CHI},
  volume={10},
  pages={3025453--3025626},
  year={2017}
}

@inproceedings{oney2012codelets,
  title={Codelets: linking interactive documentation and example code in the editor},
  author={Oney, Stephen and Brandt, Joel},
  booktitle={Proceedings of the SIGCHI Conference on Human Factors in Computing Systems},
  pages={2697--2706},
  year={2012}
}

@inproceedings{omar2012active,
  title={Active code completion},
  author={Omar, Cyrus and Yoon, Young Seok and LaToza, Thomas D and Myers, Brad A},
  booktitle={2012 34th International Conference on Software Engineering (ICSE)},
  pages={859--869},
  year={2012},
  organization={IEEE}
}

@inproceedings{kistner2017moonstone,
  title={Moonstone: Support for understanding and writing exception handling code},
  author={Kistner, Florian and Kery, Mary Beth and Puskas, Michael and Moore, Steven and Myers, Brad A},
  booktitle={2017 IEEE Symposium on Visual Languages and Human-Centric Computing (VL/HCC)},
  pages={63--71},
  year={2017},
  organization={IEEE}
}

@article{bau2017learnable,
  title={Learnable programming: blocks and beyond},
  author={Bau, David and Gray, Jeff and Kelleher, Caitlin and Sheldon, Josh and Turbak, Franklyn},
  journal={Communications of the ACM},
  volume={60},
  number={6},
  pages={72--80},
  year={2017},
  publisher={ACM New York, NY, USA}
}

@inproceedings{jacobs2018extending,
  title={Extending manual drawing practices with artist-centric programming tools},
  author={Jacobs, Jennifer and Brandt, Joel and Mech, Radom{\'\i}r and Resnick, Mitchel},
  booktitle={Proceedings of the 2018 CHI Conference on Human Factors in Computing Systems},
  pages={1--13},
  year={2018}
}

@article{kolling2017frame,
  title={Frame-based editing},
  author={K{\"o}lling, Michael and Brown, Neil CC and Altadmri, Amjad},
  journal={Journal of Visual Languages and Sentient Systems},
  volume={3},
  number={1},
  pages={40--67},
  year={2017}
}

@article{resnick2009scratch,
  title={Scratch: programming for all},
  author={Resnick, Mitchel and Maloney, John and Monroy-Hern{\'a}ndez, Andr{\'e}s and Rusk, Natalie and Eastmond, Evelyn and Brennan, Karen and Millner, Amon and Rosenbaum, Eric and Silver, Jay and Silverman, Brian and others},
  journal={Communications of the ACM},
  volume={52},
  number={11},
  pages={60--67},
  year={2009},
  publisher={ACM New York, NY, USA}
}

@article{maloney2010scratch,
  title={The scratch programming language and environment},
  author={Maloney, John and Resnick, Mitchel and Rusk, Natalie and Silverman, Brian and Eastmond, Evelyn},
  journal={ACM Transactions on Computing Education (TOCE)},
  volume={10},
  number={4},
  pages={1--15},
  year={2010},
  publisher={ACM New York, NY, USA}
}

@inproceedings{guo2013online,
  title={Online Python Tutor: Embeddable Web-Based Program Visualization for CS Education},
  author={Guo, Philip J},
  booktitle={Proceeding of the 44th ACM technical symposium on Computer science education},
  pages={579--584},
  year={2013}
}

@inproceedings{hoffswell2018augmenting,
  title={Augmenting code with in situ visualizations to aid program understanding},
  author={Hoffswell, Jane and Satyanarayan, Arvind and Heer, Jeffrey},
  booktitle={Proceedings of the 2018 CHI Conference on Human Factors in Computing Systems},
  pages={1--12},
  year={2018}
}

@inproceedings{asenov2014envision,
  title={Envision: A fast and flexible visual code editor with fluid interactions (overview)},
  author={Asenov, Dimitar and Muller, Peter},
  booktitle={2014 IEEE Symposium on Visual Languages and Human-Centric Computing (VL/HCC)},
  pages={9--12},
  year={2014},
  organization={IEEE}
}

@phdthesis{asenov2017envision,
  title={Envision: reinventing the integrated development environment},
  author={Asenov, Dimitar},
  year={2017},
  school={ETH Zurich}
}

@inproceedings{lerner2020projection,
  title={Projection Boxes: On-the-fly Reconfigurable Visualization for Live Programming},
  author={Lerner, Sorin},
  booktitle={Proceedings of the 2020 CHI Conference on Human Factors in Computing Systems},
  pages={1--7},
  year={2020}
}



% ====================================================
% Thematic analysis
% ====================================================

@article{braun2019reflecting,
  title={Reflecting on reflexive thematic analysis},
  author={Braun, Virginia and Clarke, Victoria},
  journal={Qualitative Research in Sport, Exercise and Health},
  volume={11},
  number={4},
  pages={589--597},
  year={2019},
  publisher={Taylor \& Francis}
}
