
@inproceedings{asenov2014envision,
  title = {Envision: A Fast and Flexible Visual Code Editor with Fluid Interactions (Overview)},
  booktitle = {2014 IEEE Symposium on Visual Languages and Human-Centric Computing (VL/HCC)},
  author = {Asenov, Dimitar and Muller, Peter},
  year = {2014},
  pages = {9--12},
  publisher = {IEEE},
  doi = {10.1109/VLHCC.2014.6883014}
}

@article{bau2017learnable,
  title = {Learnable Programming: Blocks and Beyond},
  author = {Bau, David and Gray, Jeff and Kelleher, Caitlin and Sheldon, Josh and Turbak, Franklyn},
  year = {2017},
  volume = {60},
  pages = {72--80},
  doi = {10.1145/3015455},
  journal = {Communications of the ACM},
  number = {6}
}

@inproceedings{beaudouinlafon2017towards,
  ids = {beaudouinlafon2017unified},
  title = {Towards Unified Principles of Interaction},
  booktitle = {Proceedings of the 12th Biannual Conference on Italian SIGCHI Chapter},
  author = {{Beaudouin-Lafon}, Michel},
  year = {2017},
  pages = {1--2},
  publisher = {ACM},
  doi = {10.1145/3125571.3125602}
}

@article{braun2019reflecting,
  title = {Reflecting on Reflexive Thematic Analysis},
  author = {Braun, Virginia and Clarke, Victoria},
  year = {2019},
  volume = {11},
  pages = {589--597},
  doi = {10.1080/2159676X.2019.1628806},
  journal = {Qualitative Research in Sport, Exercise and Health},
  number = {4}
}

@inproceedings{brown2016framebased,
  title = {Frame-Based Editing: Combining the Best of Blocks and Text Programming},
  booktitle = {Proceedings of the 2016 International Conference on Learning and Teaching in Computing and Engineering (LaTICE)},
  author = {Brown, Neil C. C. and Altadmri, Amjad and Kolling, Michael},
  year = {2016},
  pages = {47--53},
  publisher = {IEEE},
  doi = {10.1109/LaTiCE.2016.16}
}

@article{chugh2016programmatic,
  title = {Programmatic and Direct Manipulation, Together at Last},
  author = {Chugh, Ravi and Hempel, Brian and Spradlin, Mitchell and Albers, Jacob},
  year = {2016},
  pages = {341--354},
  doi = {10.1145/2908080.2908103},
  archivePrefix = {arXiv},
  eprint = {1507.02988},
  eprinttype = {arxiv},
  journal = {Proceedings of the 37th Conference on Programming Language Design and Implementation - PLDI 2016}
}

@inproceedings{conlen2018idyll,
  title = {Idyll: A Markup Language for Authoring and Publishing Interactive Articles on the Web},
  booktitle = {Proceedings of the 31st Symposium on User Interface Software and Technology - UIST '18},
  author = {Conlen, Matthew and Heer, Jeffrey},
  year = {2018},
  pages = {977--989},
  publisher = {ACM},
  doi = {10.1145/3242587.3242600},
  annotation = {ZSCC: 0000014}
}

@inproceedings{dragicevic2011gliimpse,
  title = {Gliimpse: Animating from Markup Code to Rendered Documents and Vice Versa},
  booktitle = {Proceedings of the 24th Symposium on User Interface Software and Technology - UIST '11},
  author = {Dragicevic, Pierre and Huot, Stéphane and Chevalier, Fanny},
  year = {2011},
  pages = {257--262},
  publisher = {ACM},
  doi = {10.1145/2047196.2047229}
}

@inproceedings{dragicevic2019increasing,
  title = {Increasing the Transparency of Research Papers with Explorable Multiverse Analyses},
  booktitle = {Proceedings of the 2019 CHI Conference on Human Factors in Computing Systems  - CHI '19},
  author = {Dragicevic, Pierre and Jansen, Yvonne and Sarma, Abhraneel and Kay, Matthew and Chevalier, Fanny},
  year = {2019},
  pages = {1--15},
  publisher = {ACM},
  doi = {10.1145/3290605.3300295}
}

@inproceedings{drosos2020wrex,
  title = {Wrex: A Unified Programming-by-Example Interaction for Synthesizing Readable Code for Data Scientists},
  booktitle = {Proceedings of the 2020 CHI Conference on Human Factors in Computing Systems - CHI'20},
  author = {Drosos, Ian and Barik, Titus and Guo, Philip J. and DeLine, Robert and Gulwani, Sumit},
  year = {2020},
  pages = {1--12},
  publisher = {ACM},
  doi = {10.1145/3313831.3376442}
}

@book{goldberg1983smalltalk80,
  title = {Smalltalk-80: The Language and Its Implementation},
  author = {Goldberg, Adele and Robson, David},
  year = {1983},
  publisher = {Addison-Wesley},
  series = {Addison-Wesley Series in Computer Science}
}

@inproceedings{guo2013online,
  title = {Online Python Tutor: Embeddable Web-Based Program Visualization for CS Education},
  booktitle = {Proceeding of the 44th Technical Symposium on Computer Science Education - SIGCSE '13},
  author = {Guo, Philip J.},
  year = {2013},
  pages = {579--584},
  publisher = {ACM},
  doi = {10.1145/2445196.2445368}
}

@inproceedings{hempel2019sketchnsketch,
  title = {Sketch-n-Sketch: Output-Directed Programming for SVG},
  booktitle = {Proceedings of the 32nd Symposium on User Interface Software and Technology - UIST'19},
  author = {Hempel, Brian and Lubin, Justin and Chugh, Ravi},
  year = {2019},
  pages = {281--292},
  publisher = {ACM},
  doi = {10.1145/3332165.3347925}
}

@inproceedings{hoffswell2018augmenting,
  title = {Augmenting Code with In Situ Visualizations to Aid Program Understanding},
  booktitle = {Proceedings of the 2018 CHI Conference on Human Factors in Computing Systems - CHI '18},
  author = {Hoffswell, Jane and Satyanarayan, Arvind and Heer, Jeffrey},
  year = {2018},
  pages = {1--12},
  publisher = {ACM},
  doi = {10.1145/3173574.3174106}
}

@inproceedings{jacobs2018extending,
  title = {Extending Manual Drawing Practices with Artist-Centric Programming Tools},
  booktitle = {Proceedings of the 2018 CHI Conference on Human Factors in Computing Systems - CHI '18},
  author = {Jacobs, Jennifer and Brandt, Joel and Mech, Radomír and Resnick, Mitchel},
  year = {2018},
  pages = {1--13},
  publisher = {ACM},
  doi = {10.1145/3173574.3174164}
}

@article{johnson1988styles,
  title = {Styles in Document Editing Systems},
  author = {Johnson, Jeff and Beach, Richard J.},
  year = {1988},
  volume = {21},
  pages = {32--43},
  doi = {10.1109/2.222115},
  journal = {Computer},
  number = {1}
}

@inproceedings{kery2020future,
  title = {The Future of Notebook Programming Is Fluid},
  booktitle = {Extended Abstracts of the 2020 CHI Conference on Human Factors in Computing Systems},
  author = {Kery, Mary Beth and Ren, Donghao and Wongsuphasawat, Kanit and Hohman, Fred and Patel, Kayur},
  year = {2020},
  pages = {1--8},
  publisher = {ACM},
  doi = {10.1145/3334480.3383085},
  series = {CHI EA '20}
}

@article{knauff2014efficiency,
  title = {An Efficiency Comparison of Document Preparation Systems Used in Academic Research and Development},
  author = {Knauff, Markus and Nejasmic, Jelica},
  editor = {Gibas, Cynthia},
  year = {2014},
  volume = {9},
  pages = {1--12},
  doi = {10.1371/journal.pone.0115069},
  journal = {PLOS ONE},
  number = {12}
}

@article{knuth1984literate,
  title = {Literate Programming},
  author = {Knuth, Donald Ervin},
  year = {1984},
  volume = {27},
  pages = {97--111},
  doi = {10.1093/comjnl/27.2.97},
  journal = {The Computer Journal},
  number = {2}
}

@book{knuth1984texbook,
  title = {The TeXbook},
  author = {Knuth, Donald Ervin},
  year = {1984},
  publisher = {Addison-Wesley},
  series = {Computers \& Typesetting}
}

@inproceedings{ko2006barista,
  title = {Barista: An Implementation Framework for Enabling New Tools, Interaction Techniques and Views in Code Editors},
  booktitle = {Proceedings of the 2006 CHI Conference on Human Factors in Computing Systems - CHI '06},
  author = {Ko, Andrew J. and Myers, Brad A.},
  year = {2006},
  pages = {387--396},
  publisher = {ACM},
  doi = {10.1145/1124772.1124831}
}

@book{lamport1994latex,
  title = {LaTeX: A Document Preparation System: User's Guide and Reference Manual},
  author = {Lamport, Leslie},
  year = {1994},
  publisher = {Addison-Wesley}
}

@article{laurens2008direct,
  title = {Direct and Reverse Synchronization with SyncTeX},
  author = {Laurens, Jérôme},
  year = {2008},
  volume = {29},
  pages = {365--371},
  journal = {TUGBoat},
  number = {3}
}

@inproceedings{lerner2020projection,
  title = {Projection Boxes: On-the-Fly Reconfigurable Visualization for Live Programming},
  booktitle = {Proceedings of the 2020 CHI Conference on Human Factors in Computing Systems - CHI'20},
  author = {Lerner, Sorin},
  year = {2020},
  pages = {1--7},
  publisher = {ACM},
  doi = {10.1145/3313831.3376494}
}

@inproceedings{masson2020chameleon,
  title = {Chameleon: Bringing Interactivity to Static Digital Documents},
  booktitle = {Proceedings of the 2020 CHI Conference on Human Factors in Computing Systems - CHI'20},
  author = {Masson, Damien and Malacria, Sylvain and Lank, Edward and Casiez, Géry},
  year = {2020},
  pages = {1--13},
  publisher = {ACM},
  doi = {10.1145/3313831.3376559}
}

@inproceedings{omar2012active,
  title = {Active Code Completion},
  booktitle = {Proceedings of the 34th International Conference on Software Engineering - ICSE'12},
  author = {Omar, Cyrus and Yoon, Young Seok and LaToza, Thomas D. and Myers, Brad A.},
  year = {2012},
  pages = {859--869},
  publisher = {IEEE},
  doi = {10.1109/ICSE.2012.6227133}
}

@article{resnick2009scratch,
  title = {Scratch: Programming for All},
  author = {Resnick, Mitchel and Maloney, John and {Monroy-Hernández}, Andrés and Rusk, Natalie and Eastmond, Evelyn and Brennan, Karen and Millner, Amon and Rosenbaum, Eric and Silver, Jay and Silverman, Brian and Kafai, Yasmin},
  year = {2009},
  volume = {52},
  pages = {60--67},
  doi = {10.1145/1592761.1592779},
  journal = {Communications of the ACM},
  number = {11}
}

@inproceedings{zinenko2014clint,
  title = {Clint: A Direct Manipulation Tool for Parallelizing Compute-Intensive Program Parts},
  booktitle = {2014 IEEE Symposium on Visual Languages and Human-Centric Computing (VL/HCC)},
  author = {Zinenko, Oleksandr and Huot, Stephane and Bastoul, Cedric},
  year = {2014},
  pages = {109--112},
  publisher = {IEEE},
  doi = {10.1109/VLHCC.2014.6883031}
}

@inproceedings{zinenko2015manipulating,
  title = {Manipulating Visualization, Not Codes},
  booktitle = {International Workshop on Polyhedral Compilation Techniques (IMPACT)},
  author = {Zinenko, Oleksandr and Bastoul, Cédric and Huot, Stéphane},
  year = {2015},
  pages = {1--8}
}


